% Please put new citations in alphabetical order, regardless of their section. Please use inspirehep.net when possible for consistency.

@article{Aartsen:2012kia,
      author         = "Aartsen, M.G. and others",
      title          = "{Search for dark matter annihilations in the Sun with the
                        79-string IceCube detector}",
      collaboration  = "IceCube",
      journal        = "Phys.~Rev.~Lett.",
      volume         = "110",
      pages          = "131302",
      doi            = "10.1103/PhysRevLett.110.131302",
      year           = "2013",
      eprint         = "arXiv:1212.4097",
      archivePrefix  = "arXiv",
      primaryClass   = "astro-ph.HE",
      SLACcitation   = "%%CITATION = ARXIV:1212.4097;%%",
}

@article{Aartsen:2012uu,
      author         = "Aartsen, M.G. and others",
      title          = "{Measurement of the Atmospheric $\nu_e$ flux in IceCube}",
      collaboration  = "IceCube",
      journal        = "Phys.~Rev.~Lett.",
      volume         = "110",
      pages          = "151105",
      doi            = "10.1103/PhysRevLett.110.151105",
      year           = "2013",
      eprint         = "arXiv:1212.4760",
      archivePrefix  = "arXiv",
      primaryClass   = "hep-ex",
      SLACcitation   = "%%CITATION = ARXIV:1212.4760;%%"
}

% ILineFit paper
@article{Aartsen:2013bfa,
      author         = "Aartsen, M. G. and others",
      title          = "{Improvement in Fast Particle Track Reconstruction with
                        Robust Statistics}",
      journal        = "Nucl. Instrum. Meth.",
      volume         = "A736",
      year           = "2014",
      pages          = "143-149",
      doi            = "10.1016/j.nima.2013.10.074",
      eprint         = "1308.5501",
      archivePrefix  = "arXiv",
      primaryClass   = "astro-ph.IM",
      SLACcitation   = "%%CITATION = ARXIV:1308.5501;%%"
}

@article{Aartsen:2013rt,
      author         = "Aartsen, M.G. and others",
      title          = "{Measurement of South Pole ice transparency
                  with the IceCube LED calibration system}",
      collaboration  = "IceCube",
      journal        = "Nucl.~Instrum.~Meth.",
      volume         = "A711",
      pages          = "73-89",
      doi            = "10.1016/j.nima.2013.01.054",
      year           = "2013",
      eprint         = "arXiv:1301.5361",
      archivePrefix  = "arXiv",
      primaryClass   = "astro-ph.IM",
      SLACcitation   = "%%CITATION = ARXIV:1301.5361;%%"
}

@article{Aartsen:2013jza,
      author         = "Aartsen, M.G. and others",
      title          = "{Measurement of Atmospheric Neutrino Oscillations with
                        IceCube}",
      collaboration  = "IceCube",
      year           = "2013",      
      journal        = "Phys.~Rev.~Lett.",
      volume         = "111",
      pages          = "081801",
      doi            = "10.1103/PhysRevLett.111.081801",
      eprint         = "arXiv:1305.3909",
      archivePrefix  = "arXiv",
      primaryClass   = "hep-ex",
      SLACcitation   = "%%CITATION = ARXIV:1305.3909;%%"
}

@article{Abbasi:2009domdaq,
      author         = "Abbasi, R. and others",
      title          = "{The IceCube data acquisition system: Signal
                  capture, digitization, and timestamping}",
      collaboration  = "IceCube",
      year           = "2009",
      journal        = "Nucl.~Instrum.~Meth.",
      volume         = "A601",
      pages          = "294-316",
      doi            = "10.1016/j.nima.2009.01.001"
}


@article{Abe:2011ks,
      author         = "Abe, K. and others",
      title          = "{The T2K Experiment}",
      collaboration  = "T2K ",
      journal        = "Nucl.~Instrum.~Meth.",
      volume         = "A659",
      pages          = "106-135",
      doi            = "10.1016/j.nima.2011.06.067",
      year           = "2011",
      eprint         = "arXiv:1106.1238",
      archivePrefix  = "arXiv",
      primaryClass   = "physics.ins-det",
      SLACcitation   = "%%CITATION = ARXIV:1106.1238;%%",
}

@article{Abe:2012jj,
      author         = "Abe, K. and others",
      title          = "{Evidence for the Appearance of Atmospheric Tau Neutrinos
                        in Super-Kamiokande}",
      collaboration  = "Super-Kamiokande Collaboration",
      journal        = "Phys.Rev.Lett.",
      number         = "18",
      volume         = "110",
      pages          = "181802",
      doi            = "10.1103/PhysRevLett.110.181802",
      year           = "2013",
      eprint         = "1206.0328",
      archivePrefix  = "arXiv",
      primaryClass   = "hep-ex",
      SLACcitation   = "%%CITATION = ARXIV:1206.0328;%%",
}

@article{Abe:2013xua,
      author         = "Abe, K. and others",
      title          = "{Evidence of Electron Neutrino Appearance in a Muon
                        Neutrino Beam}",
      collaboration  = "T2K ",
      journal        = "Phys.~Rev.",
      volume         = "D88",
      pages          = "032002",
      doi            = "10.1103/PhysRevD.88.032002",
      year           = "2013",
      eprint         = "arXiv:1304.0841",
      archivePrefix  = "arXiv",
      primaryClass   = "hep-ex",
      SLACcitation   = "%%CITATION = ARXIV:1304.0841;%%",
}

@article{Adamson:2013ue,
      author         = "Adamson, P. and others",
      title          = "{Electron neutrino and antineutrino appearance in the
                        full MINOS data sample}",
      collaboration  = "MINOS Collaboration",
      journal        = "Phys.Rev.Lett.",
      number         = "17",
      volume         = "110",
      pages          = "171801",
      doi            = "10.1103/PhysRevLett.110.171801",
      year           = "2013",
      eprint         = "1301.4581",
      archivePrefix  = "arXiv",
      primaryClass   = "hep-ex",
      reportNumber   = "FERMILAB-PUB-13-023-E",
      SLACcitation   = "%%CITATION = ARXIV:1301.4581;%%",
}

@article{Agafonova:2014ptn,
      author         = "Agafonova, N. and others",
      title          = "{Observation of tau neutrino appearance in the CNGS beam
                        with the OPERA experiment}",
      collaboration  = "OPERA Collaboration",
      journal        = "PTEP",
      number         = "10",
      volume         = "2014",
      pages          = "101C01",
      doi            = "10.1093/ptep/ptu132",
      year           = "2014",
      eprint         = "1407.3513",
      archivePrefix  = "arXiv",
      primaryClass   = "hep-ex",
      SLACcitation   = "%%CITATION = ARXIV:1407.3513;%%",
}

@article{Agostinelli:2002hh,
      author         = "Agostinelli, S. and others",
      title          = "{GEANT4: A Simulation toolkit}",
      collaboration  = "GEANT4",
      journal        = "Nucl.~Instrum.~Meth.",
      volume         = "A506",
      pages          = "250-303",
      doi            = "10.1016/S0168-9002(03)01368-8",
      year           = "2003",
      reportNumber   = "SLAC-PUB-9350, FERMILAB-PUB-03-339",
      SLACcitation   = "%%CITATION = NUIMA,A506,250;%%",
}

@article{Ahn:2012nd,
      author         = "Ahn, J.K. and others",
      title          = "{Observation of Reactor Electron Antineutrino
                        Disappearance in the RENO Experiment}",
      collaboration  = "RENO collaboration",
      journal        = "Phys.Rev.Lett.",
      volume         = "108",
      pages          = "191802",
      doi            = "10.1103/PhysRevLett.108.191802",
      year           = "2012",
      eprint         = "1204.0626",
      archivePrefix  = "arXiv",
      primaryClass   = "hep-ex",
      SLACcitation   = "%%CITATION = ARXIV:1204.0626;%%",
}

@article{Ahrens:2003fg,
      author         = "Ahrens, J. and others",
      title          = "{Muon track reconstruction and data selection techniques
                        in AMANDA}",
      collaboration  = "AMANDA ",
      journal        = "Nucl.~Instrum.~Meth.",
      volume         = "A524",
      pages          = "169-194",
      doi            = "10.1016/j.nima.2004.01.065",
      year           = "2004",
      eprint         = "arXiv:astro-ph/0407044",
      archivePrefix  = "arXiv",
      primaryClass   = "astro-ph",
      SLACcitation   = "%%CITATION = ASTRO-PH/0407044;%%",
}

@article{Andreopoulos:2009rq,
      author         = "Andreopoulos, C. and Bell, A. and Bhattacharya, D. and
                        Cavanna, F. and Dobson, J. and others",
      title          = "{The GENIE Neutrino Monte Carlo Generator}",
      journal        = "Nucl.Instrum.Meth.",
      volume         = "A614",
      pages          = "87-104",
      doi            = "10.1016/j.nima.2009.12.009",
      year           = "2010",
      eprint         = "0905.2517",
      archivePrefix  = "arXiv",
      primaryClass   = "hep-ph",
      reportNumber   = "FERMILAB-PUB-09-418-CD",
      SLACcitation   = "%%CITATION = ARXIV:0905.2517;%%",
}

@article{An:2012eh,
      author         = "An, F.P. and others",
      title          = "{Observation of electron-antineutrino disappearance at
                        Daya Bay}",
      collaboration  = "DAYA-BAY Collaboration",
      journal        = "Phys.Rev.Lett.",
      volume         = "108",
      pages          = "171803",
      doi            = "10.1103/PhysRevLett.108.171803",
      year           = "2012",
      eprint         = "1203.1669",
      archivePrefix  = "arXiv",
      primaryClass   = "hep-ex",
      SLACcitation   = "%%CITATION = ARXIV:1203.1669;%%",
}

@article{Antusch:2006vwa,
      author         = "Antusch, S. and Biggio, C. and Fernandez-Martinez, E. and
                        Gavela, M.B. and Lopez-Pavon, J.",
      title          = "{Unitarity of the Leptonic Mixing Matrix}",
      journal        = "JHEP",
      volume         = "0610",
      pages          = "084",
      doi            = "10.1088/1126-6708/2006/10/084",
      year           = "2006",
      eprint         = "hep-ph/0607020",
      archivePrefix  = "arXiv",
      primaryClass   = "hep-ph",
      reportNumber   = "FTUAM-06-8, IFT-UAM-CSIC-06-30",
      SLACcitation   = "%%CITATION = HEP-PH/0607020;%%",
}
@article{Antusch:2008tz,
      author         = "Antusch, Stefan and Baumann, Jochen P. and
                        Fernandez-Martinez, Enrique",
      title          = "{Non-Standard Neutrino Interactions with Matter from
                        Physics Beyond the Standard Model}",
      journal        = "Nucl.Phys.",
      volume         = "B810",
      pages          = "369-388",
      doi            = "10.1016/j.nuclphysb.2008.11.018",
      year           = "2009",
      eprint         = "0807.1003",
      archivePrefix  = "arXiv",
      primaryClass   = "hep-ph",
      reportNumber   = "MPP-2008-74",
      SLACcitation   = "%%CITATION = ARXIV:0807.1003;%%",
}

@article{Athar:2012it,
      author         = "Sajjad Athar, M. and Honda, M. and Kajita, T. and
                        Kasahara, K. and Midorikawa, S.",
      title          = "{Atmospheric neutrino flux at INO, South Pole and
                        Pyh\"asalmi}",
      journal        = "Phys.~Lett.",
      volume         = "B718",
      pages          = "1375-1380",
      doi            = "10.1016/j.physletb.2012.12.016",
      year           = "2013",
      eprint         = "arXiv:1210.5154",
      archivePrefix  = "arXiv",
      primaryClass   = "hep-ph",
      SLACcitation   = "%%CITATION = ARXIV:1210.5154;%%",
}

@article{Collaboration:2011ym,
      author         = "Abbasi, R. and others",
      title          = "{The Design and Performance of IceCube DeepCore}",
      collaboration  = "IceCube ",
      journal        = "Astropart.~Phys.",
      volume         = "35",
      pages          = "615-624",
      doi            = "10.1016/j.astropartphys.2012.01.004",
      year           = "2012",
      eprint         = "arXiv:1109.6096",
      archivePrefix  = "arXiv",
      primaryClass   = "astro-ph.IM",
      SLACcitation   = "%%CITATION = ARXIV:1109.6096;%%",
}

@Article{Hocker:2007ht,
      author 	=	"Hoecker, Andreas and Speckmayer, Peter and Stelzer, Joerg and Therhaag, Jan and von Toerne, Eckhard and Voss, Helge",
      title 	 = 	"{TMVA: Toolkit for Multivariate Data Analysis}",
      journal 	 = 	"PoS",
      volume 	 = 	"ACAT",
      year 	 = 	"2007",
      pages 	 = 	"040",
      eprint 	 = 	"arXiv:physics/0703039",
      archivePrefix 	 = 	"arXiv",
      SLACcitation 	 = 	"%%CITATION = PHYSICS/0703039;%%"} 

@article{Honda:2006qj,
      author         = "Honda, Morihiro and Kajita, T. and Kasahara, K. and
                        Midorikawa, S. and Sanuki, T.",
      title          = "{Calculation of atmospheric neutrino flux using the
                        interaction model calibrated with atmospheric muon data}",
      journal        = "Phys.~Rev.",
      volume         = "D75",
      pages          = "043006",
      doi            = "10.1103/PhysRevD.75.043006",
      year           = "2007",
      eprint         = "arXiv:astro-ph/0611418",
      archivePrefix  = "arXiv",
      primaryClass   = "astro-ph",
      SLACcitation   = "%%CITATION = ASTRO-PH/0611418;%%",
}

@article{Formaggio:2013kya,
      author         = "Formaggio, J.A. and Zeller, G.P.",
      title          = "{From eV to EeV: Neutrino Cross Sections Across Energy
                        Scales}",
      journal        = "Rev.Mod.Phys.",
      volume         = "84",
      pages          = "1307",
      doi            = "10.1103/RevModPhys.84.1307",
      year           = "2012",
      eprint         = "1305.7513",
      archivePrefix  = "arXiv",
      primaryClass   = "hep-ex",
      reportNumber   = "FERMILAB-PUB-12-785-E",
      SLACcitation   = "%%CITATION = ARXIV:1305.7513;%%",
}


@mastersthesis{diva2:328163,
  author = {Wernhoff, Carl},
  title = {{An FPGA implementation of neutrino track detection for the IceCube telescope}},
  school = {Linköping University},
  type = {{LiTH-ISY-EX--10/4174--SE}},
  year = {2010},
  address = {Sweden},
}

@mastersthesis{LarsonMasters,
  author = {Larson, Michael},
  title = {{Simulation and Identification of Non-Poissonian Noise Triggers in the IceCube Neutrino Detector}},
  school = {University of Alabama},
  type = {{Master's Thesis}},
  year = {2013},
}


%ANIS:
@article{Gazizov:2004va,
      author         = "Gazizov, Askhat and Kowalski, Marek P.",
      title          = "{ANIS: High energy neutrino generator for neutrino
                        telescopes}",
      journal        = "Comput.~Phys.~Commun.",
      volume         = "172",
      pages          = "203-213",
      doi            = "10.1016/j.cpc.2005.03.113",
      year           = "2005",
      eprint         = "arXiv:astro-ph/0406439",
      archivePrefix  = "arXiv",
      primaryClass   = "astro-ph",
      reportNumber   = "DESY-04-101",
      SLACcitation   = "%%CITATION = ASTRO-PH/0406439;%%",
}


%MMC:
@article{Chirkin:2004hz,
      author         = "Chirkin, Dmitry and Rhode, Wolfgang",
      title          = "{Muon Monte Carlo: A High-precision tool for muon
                        propagation through matter}",
      year           = "2004",
      eprint         = "arXiv:hep-ph/0407075",
      archivePrefix  = "arXiv",
      primaryClass   = "hep-ph",
      SLACcitation   = "%%CITATION = HEP-PH/0407075;%%",
}

@article{Agostinelli:2002hh,
      author         = "Agostinelli, S. and others",
      title          = "{GEANT4: A Simulation toolkit}",
      collaboration  = "GEANT4",
      journal        = "Nucl.~Instrum.~Meth.",
      volume         = "A506",
      pages          = "250-303",
      doi            = "10.1016/S0168-9002(03)01368-8",
      year           = "2003",
      reportNumber   = "SLAC-PUB-9350, FERMILAB-PUB-03-339",
      SLACcitation   = "%%CITATION = NUIMA,A506,250;%%",
}

@article{Chirkin:2013tma,
      author         = "Chirkin, Dmitry",
      title          = "{Photon tracking with GPUs in IceCube}",
      collaboration  = "IceCube",
      journal        = "Nucl.~Instrum.~Meth.",
      volume         = "A725",
      pages          = "141-143",
      doi            = "10.1016/j.nima.2012.11.170",
      year           = "2013",
      SLACcitation   = "%%CITATION = NUIMA,A725,141;%%",
}

@article{Honda2015,
  title = {Atmospheric neutrino flux calculation using the NRLMSISE-00 atmospheric model},
  author = {Honda, M. and Athar, M. Sajjad and Kajita, T. and Kasahara, K. and Midorikawa, S.},
  journal = {Phys. Rev. D},
  volume = {92},
  issue = {2},
  pages = {023004},
  numpages = {15},
  year = {2015},
  month = {Jul},
  publisher = {American Physical Society},
  doi = {10.1103/PhysRevD.92.023004},
  url = {http://link.aps.org/doi/10.1103/PhysRevD.92.023004}
}

@article{Bartol2004,
  title = {Three-dimensional calculation of atmospheric neutrinos},
  author = {Barr, G. D. and Gaisser, T. K. and Lipari, P. and Robbins, S. and Stanev, T.},
  journal = {Phys. Rev. D},
  volume = {70},
  issue = {2},
  pages = {023006},
  numpages = {13},
  year = {2004},
  month = {Jul},
  publisher = {American Physical Society},
  doi = {10.1103/PhysRevD.70.023006},
  url = {http://link.aps.org/doi/10.1103/PhysRevD.70.023006}
}

@article{Fluka2003,
title = "The \{FLUKA\} atmospheric neutrino flux calculation ",
journal = "Astroparticle Physics ",
volume = "19",
number = "2",
pages = "269 - 290",
year = "2003",
note = "",
issn = "0927-6505",
doi = "http://dx.doi.org/10.1016/S0927-6505(02)00246-3",
url = "http://www.sciencedirect.com/science/article/pii/S0927650502002463",
author = "G. Battistoni and A. Ferrari and T. Montaruli and P.R. Sala"
}

@article{BodekYang,
       	author = "Bodek, A and Yang, U.K.",
        title = "{Higher twist, $\xi_W$ scaling, and effective LO PDFs for lepton scattering in the few GeV region}",
        journal = "Journal of Physics G: Nuclear and Particle Physics",
        volume = "29",
        pages = "1899-1905",
        doi = " doi:10.1088/0954-3899/29/8/369",
        year = "2003",
        eprint = "arXiv:hep-ex/0210024v2",
        archivePrefix = "arXiv",
        primaryClass = "hep-ex",
}

@article{ReinSehgal,
	author = "Rein, D and Sehgal, L.M.",
	title = "{Neutrino excitation of baryon resonances and single pion production}",
	journal = "Ann. Phys.",
	volume = "133",
	pages = "79",
	year = "1981",
}

@article{Heck,
      author         = "Heck, D. and Schatz, G. and Thouw, T. and Knapp, J. and
                        Capdevielle, J.N.",
      title          = "{CORSIKA: A Monte Carlo code to simulate extensive air
                        showers}",
      year           = "1998",
      journal = "Forschungszentrum Karlsruhe Report FZKA 6019",
      reportNumber   = "FZKA-6019",
      SLACcitation   = "%%CITATION = FZKA-6019 ETC.;%%",
}




